@String(PAMI = {IEEE Trans. Pattern Anal. Mach. Intell.})
@String(IJCV = {Int. J. Comput. Vis.})
@String(CVPR= {IEEE Conf. Comput. Vis. Pattern Recog.})
@String(ICCV= {Int. Conf. Comput. Vis.})
@String(ECCV= {Eur. Conf. Comput. Vis.})
@String(NIPS= {Adv. Neural Inform. Process. Syst.})
@String(ICPR = {Int. Conf. Pattern Recog.})
@String(BMVC= {Brit. Mach. Vis. Conf.})
@String(TOG= {ACM Trans. Graph.})
@String(TIP  = {IEEE Trans. Image Process.})
@String(TVCG  = {IEEE Trans. Vis. Comput. Graph.})
@String(TMM  = {IEEE Trans. Multimedia})
@String(ACMMM= {ACM Int. Conf. Multimedia})
@String(ICME = {Int. Conf. Multimedia and Expo})
@String(ICASSP=	{ICASSP})
@String(ICIP = {IEEE Int. Conf. Image Process.})
@String(ACCV  = {ACCV})
@String(ICLR = {Int. Conf. Learn. Represent.})
@String(IJCAI = {IJCAI})
@String(PR   = {Pattern Recognition})
@String(AAAI = {AAAI})
@String(CVPRW= {IEEE Conf. Comput. Vis. Pattern Recog. Worksh.})
@String(CSVT = {IEEE Trans. Circuit Syst. Video Technol.})

@String(SPL	= {IEEE Sign. Process. Letters})
@String(VR   = {Vis. Res.})
@String(JOV	 = {J. Vis.})
@String(TVC  = {The Vis. Comput.})
@String(JCST  = {J. Comput. Sci. Tech.})
@String(CGF  = {Comput. Graph. Forum})
@String(CVM = {Computational Visual Media})


@String(PAMI  = {IEEE TPAMI})
@String(IJCV  = {IJCV})
@String(CVPR  = {CVPR})
@String(ICCV  = {ICCV})
@String(ECCV  = {ECCV})
@String(NIPS  = {NeurIPS})
@String(ICPR  = {ICPR})
@String(BMVC  =	{BMVC})
@String(TOG   = {ACM TOG})
@String(TIP   = {IEEE TIP})
@String(TVCG  = {IEEE TVCG})
@String(TCSVT = {IEEE TCSVT})
@String(TMM   =	{IEEE TMM})
@String(ACMMM = {ACM MM})
@String(ICME  =	{ICME})
@String(ICASSP=	{ICASSP})
@String(ICIP  = {ICIP})
@String(ACCV  = {ACCV})
@String(ICLR  = {ICLR})
@String(IJCAI = {IJCAI})
@String(PR = {PR})
@String(AAAI = {AAAI})
@String(CVPRW= {CVPRW})
@String(CSVT = {IEEE TCSVT})



@misc{Authors14,
 author = {FirstName LastName},
 title = {The frobnicatable foo filter},
 note = {Face and Gesture submission ID 324. Supplied as supplemental material {\tt fg324.pdf}},
 year = 2014
}

@misc{Authors14b,
 author = {FirstName LastName},
 title = {Frobnication tutorial},
 note = {Supplied as supplemental material {\tt tr.pdf}},
 year = 2014
}

@article{Alpher02,
author = {FirstName Alpher},
title = {Frobnication},
journal = PAMI,
volume = 12,
number = 1,
pages = {234--778},
year = 2002
}

@article{Alpher03,
author = {FirstName Alpher and  FirstName Fotheringham-Smythe},
title = {Frobnication revisited},
journal = {Journal of Foo},
volume = 13,
number = 1,
pages = {234--778},
year = 2003
}

@article{Alpher04,
author = {FirstName Alpher and FirstName Fotheringham-Smythe and FirstName Gamow},
title = {Can a machine frobnicate?},
journal = {Journal of Foo},
volume = 14,
number = 1,
pages = {234--778},
year = 2004
}

@inproceedings{Alpher05,
author = {FirstName Alpher and FirstName Gamow},
title = {Can a computer frobnicate?},
booktitle = CVPR,
pages = {234--778},
year = 2005
}

@inproceedings{denninger20203d,
  title={3d scene reconstruction from a single viewport},
  author={Denninger, Maximilian and Triebel, Rudolph},
  booktitle={European Conference on Computer Vision},
  pages={51--67},
  year={2020},
  organization={Springer}
}

@inproceedings{shin20193d,
  title={3d scene reconstruction with multi-layer depth and epipolar transformers},
  author={Shin, Daeyun and Ren, Zhile and Sudderth, Erik B and Fowlkes, Charless C},
  booktitle={Proceedings of the IEEE/CVF international conference on computer vision},
  pages={2172--2182},
  year={2019}
}

@inproceedings{gkioxari2019mesh,
  title={Mesh r-cnn},
  author={Gkioxari, Georgia and Malik, Jitendra and Johnson, Justin},
  booktitle={Proceedings of the IEEE/CVF international conference on computer vision},
  pages={9785--9795},
  year={2019}
}

@inproceedings{kuo2020mask2cad,
  title={Mask2cad: 3d shape prediction by learning to segment and retrieve},
  author={Kuo, Weicheng and Angelova, Anelia and Lin, Tsung-Yi and Dai, Angela},
  booktitle={Computer Vision--ECCV 2020: 16th European Conference, Glasgow, UK, August 23--28, 2020, Proceedings, Part III 16},
  pages={260--277},
  year={2020},
  organization={Springer}
}

@inproceedings{nie2020total3dunderstanding,
  title={Total3dunderstanding: Joint layout, object pose and mesh reconstruction for indoor scenes from a single image},
  author={Nie, Yinyu and Han, Xiaoguang and Guo, Shihui and Zheng, Yujian and Chang, Jian and Zhang, Jian Jun},
  booktitle={Proceedings of the IEEE/CVF Conference on Computer Vision and Pattern Recognition},
  pages={55--64},
  year={2020}
}

@article{dahnert2021panoptic,
  title={Panoptic 3d scene reconstruction from a single rgb image},
  author={Dahnert, Manuel and Hou, Ji and Nie{\ss}ner, Matthias and Dai, Angela},
  journal={Advances in Neural Information Processing Systems},
  volume={34},
  pages={8282--8293},
  year={2021}
}


@inproceedings{zhang2023uni,
  title={Uni-3D: A Universal Model for Panoptic 3D Scene Reconstruction},
  author={Zhang, Xiang and Chen, Zeyuan and Wei, Fangyin and Tu, Zhuowen},
  booktitle={Proceedings of the IEEE/CVF International Conference on Computer Vision},
  pages={9256--9266},
  year={2023}
}

@inproceedings{kirillov2019panoptic,
  title={Panoptic segmentation},
  author={Kirillov, Alexander and He, Kaiming and Girshick, Ross and Rother, Carsten and Doll{\'a}r, Piotr},
  booktitle={Proceedings of the IEEE/CVF conference on computer vision and pattern recognition},
  pages={9404--9413},
  year={2019}
}


@InProceedings{Li_2021_CVPR,
    author    = {Li, Yanwei and Zhao, Hengshuang and Qi, Xiaojuan and Wang, Liwei and Li, Zeming and Sun, Jian and Jia, Jiaya},
    title     = {Fully Convolutional Networks for Panoptic Segmentation},
    booktitle = {Proceedings of the IEEE/CVF Conference on Computer Vision and Pattern Recognition (CVPR)},
    month     = {June},
    year      = {2021},
    pages     = {214-223}
}

@InProceedings{Wang_2021_CVPR,
    author    = {Wang, Huiyu and Zhu, Yukun and Adam, Hartwig and Yuille, Alan and Chen, Liang-Chieh},
    title     = {MaX-DeepLab: End-to-End Panoptic Segmentation With Mask Transformers},
    booktitle = {Proceedings of the IEEE/CVF Conference on Computer Vision and Pattern Recognition (CVPR)},
    month     = {June},
    year      = {2021},
    pages     = {5463-5474}
}

@InProceedings{Li_2022_CVPR,
    author    = {Li, Zhiqi and Wang, Wenhai and Xie, Enze and Yu, Zhiding and Anandkumar, Anima and Alvarez, Jose M. and Luo, Ping and Lu, Tong},
    title     = {Panoptic SegFormer: Delving Deeper Into Panoptic Segmentation With Transformers},
    booktitle = {Proceedings of the IEEE/CVF Conference on Computer Vision and Pattern Recognition (CVPR)},
    month     = {June},
    year      = {2022},
    pages     = {1280-1289}
}

@InProceedings{Kundu_2022_CVPR,
    author    = {Kundu, Abhijit and Genova, Kyle and Yin, Xiaoqi and Fathi, Alireza and Pantofaru, Caroline and Guibas, Leonidas J. and Tagliasacchi, Andrea and Dellaert, Frank and Funkhouser, Thomas},
    title     = {Panoptic Neural Fields: A Semantic Object-Aware Neural Scene Representation},
    booktitle = {Proceedings of the IEEE/CVF Conference on Computer Vision and Pattern Recognition (CVPR)},
    month     = {June},
    year      = {2022},
    pages     = {12871-12881}
}

@InProceedings{Cheng_2022_CVPR,
    author    = {Cheng, Bowen and Misra, Ishan and Schwing, Alexander G. and Kirillov, Alexander and Girdhar, Rohit},
    title     = {Masked-Attention Mask Transformer for Universal Image Segmentation},
    booktitle = {Proceedings of the IEEE/CVF Conference on Computer Vision and Pattern Recognition (CVPR)},
    month     = {June},
    year      = {2022},
    pages     = {1290-1299}
}

@InProceedings{Yu_2022_CVPR,
    author    = {Yu, Qihang and Wang, Huiyu and Kim, Dahun and Qiao, Siyuan and Collins, Maxwell and Zhu, Yukun and Adam, Hartwig and Yuille, Alan and Chen, Liang-Chieh},
    title     = {CMT-DeepLab: Clustering Mask Transformers for Panoptic Segmentation},
    booktitle = {Proceedings of the IEEE/CVF Conference on Computer Vision and Pattern Recognition (CVPR)},
    month     = {June},
    year      = {2022},
    pages     = {2560-2570}
}

@InProceedings{Xu_2023_CVPR,
    author    = {Xu, Jiarui and Liu, Sifei and Vahdat, Arash and Byeon, Wonmin and Wang, Xiaolong and De Mello, Shalini},
    title     = {Open-Vocabulary Panoptic Segmentation With Text-to-Image Diffusion Models},
    booktitle = {Proceedings of the IEEE/CVF Conference on Computer Vision and Pattern Recognition (CVPR)},
    month     = {June},
    year      = {2023},
    pages     = {2955-2966}
}

@InProceedings{Chen_2023_ICCV,
    author    = {Chen, Ting and Li, Lala and Saxena, Saurabh and Hinton, Geoffrey and Fleet, David J.},
    title     = {A Generalist Framework for Panoptic Segmentation of Images and Videos},
    booktitle = {Proceedings of the IEEE/CVF International Conference on Computer Vision (ICCV)},
    month     = {October},
    year      = {2023},
    pages     = {909-919}
}

@inproceedings{wang2020axial,
  title={Axial-deeplab: Stand-alone axial-attention for panoptic segmentation},
  author={Wang, Huiyu and Zhu, Yukun and Green, Bradley and Adam, Hartwig and Yuille, Alan and Chen, Liang-Chieh},
  booktitle={European conference on computer vision},
  pages={108--126},
  year={2020},
  organization={Springer}
}

@inproceedings{cheng2020panoptic,
  title={Panoptic-deeplab: A simple, strong, and fast baseline for bottom-up panoptic segmentation},
  author={Cheng, Bowen and Collins, Maxwell D and Zhu, Yukun and Liu, Ting and Huang, Thomas S and Adam, Hartwig and Chen, Liang-Chieh},
  booktitle={Proceedings of the IEEE/CVF conference on computer vision and pattern recognition},
  pages={12475--12485},
  year={2020}
}

@article{mohan2021efficientps,
  title={Efficientps: Efficient panoptic segmentation},
  author={Mohan, Rohit and Valada, Abhinav},
  journal={International Journal of Computer Vision},
  volume={129},
  number={5},
  pages={1551--1579},
  year={2021},
  publisher={Springer}
}

@InProceedings{Jain_2023_CVPR,
    author    = {Jain, Jitesh and Li, Jiachen and Chiu, Mang Tik and Hassani, Ali and Orlov, Nikita and Shi, Humphrey},
    title     = {OneFormer: One Transformer To Rule Universal Image Segmentation},
    booktitle = {Proceedings of the IEEE/CVF Conference on Computer Vision and Pattern Recognition (CVPR)},
    month     = {June},
    year      = {2023},
    pages     = {2989-2998}
}

@inproceedings{li2023mask,
  title={Mask dino: Towards a unified transformer-based framework for object detection and segmentation},
  author={Li, Feng and Zhang, Hao and Xu, Huaizhe and Liu, Shilong and Zhang, Lei and Ni, Lionel M and Shum, Heung-Yeung},
  booktitle={Proceedings of the IEEE/CVF Conference on Computer Vision and Pattern Recognition},
  pages={3041--3050},
  year={2023}
}

@article{yu2023convolutions,
  title={Convolutions die hard: Open-vocabulary segmentation with single frozen convolutional clip},
  author={Yu, Qihang and He, Ju and Deng, Xueqing and Shen, Xiaohui and Chen, Liang-Chieh},
  journal={arXiv preprint arXiv:2308.02487},
  year={2023}
}

@incollection{snavely2006photo,
  title={Photo tourism: exploring photo collections in 3D},
  author={Snavely, Noah and Seitz, Steven M and Szeliski, Richard},
  booktitle={ACM siggraph 2006 papers},
  pages={835--846},
  year={2006}
}


@inproceedings{choy20163d,
  title={3d-r2n2: A unified approach for single and multi-view 3d object reconstruction},
  author={Choy, Christopher B and Xu, Danfei and Gwak, JunYoung and Chen, Kevin and Savarese, Silvio},
  booktitle={Computer Vision--ECCV 2016: 14th European Conference, Amsterdam, The Netherlands, October 11-14, 2016, Proceedings, Part VIII 14},
  pages={628--644},
  year={2016},
  organization={Springer}
}

@inproceedings{wang2018pixel2mesh,
  title={Pixel2mesh: Generating 3d mesh models from single rgb images},
  author={Wang, Nanyang and Zhang, Yinda and Li, Zhuwen and Fu, Yanwei and Liu, Wei and Jiang, Yu-Gang},
  booktitle={Proceedings of the European conference on computer vision (ECCV)},
  pages={52--67},
  year={2018}
}

@inproceedings{mescheder2019occupancy,
  title={Occupancy networks: Learning 3d reconstruction in function space},
  author={Mescheder, Lars and Oechsle, Michael and Niemeyer, Michael and Nowozin, Sebastian and Geiger, Andreas},
  booktitle={Proceedings of the IEEE/CVF conference on computer vision and pattern recognition},
  pages={4460--4470},
  year={2019}
}

@article{huang2019perspectivenet,
  title={Perspectivenet: 3d object detection from a single rgb image via perspective points},
  author={Huang, Siyuan and Chen, Yixin and Yuan, Tao and Qi, Siyuan and Zhu, Yixin and Zhu, Song-Chun},
  journal={Advances in neural information processing systems},
  volume={32},
  year={2019}
}

@inproceedings{wu2018learning,
  title={Learning shape priors for single-view 3d completion and reconstruction},
  author={Wu, Jiajun and Zhang, Chengkai and Zhang, Xiuming and Zhang, Zhoutong and Freeman, William T and Tenenbaum, Joshua B},
  booktitle={Proceedings of the European Conference on Computer Vision (ECCV)},
  pages={646--662},
  year={2018}
}
